%% LaTeX2e file `report.bib'
%% generated by the `filecontents' environment
%% from source `report' on 2019/12/20.
%%
%-------------------------------------------------------------------------------
@Article{Bronstein2008,
  author="Bronstein, E. M.",
  title="Approximation of convex sets by polytopes",
  journal="Journal of Mathematical Sciences",
  year="2008",
  month="Sep",
  day="01",
  volume="153",
  number="6",
  pages="727--762",
  abstract="The survey contains results related to different aspects of polyhedral approximation of convex bodies and some adjacent problems.",
  issn="1573-8795",
  doi="10.1007/s10958-008-9144-x",
  url="https://doi.org/10.1007/s10958-008-9144-x"
}
@misc{Saunders,
  author = "Saunders, Michael",
  institution = "Stanford University",
  howpublished = "Lecture Notes",
  title = "Notes On First-Order Methods for Minimizing Smooth Functions",
  url="https://web.stanford.edu/class/msande318/notes/notes-first-order-smooth.pdf"
}
@unpublished{Chambolle2010,
  title = "A first-order primal-dual algorithm for convex problems with applications to imaging",
  author = "Chambolle, Antonin and Pock, Thomas",
  url = "https://hal.archives-ouvertes.fr/hal-00490826",
  note = "working paper or preprint",
  year = "2010",
  month = "Jun"
}
@inproceedings{Chambolle2011,
  title = "Diagonal preconditioning for first order primal-dual algorithms in convex optimization",
  author = "Thomas Pock and Antonin Chambolle",
  year = "2011",
  language = "English",
  booktitle = "Proceedings of ICCV 2011",
  publisher = ".",
}
@article{Pivot,
 title = {New Finite Pivoting Rules for the Simplex Method},
 journal = {Math. Oper. Res.},
 issue_date = {May 1977},
 volume = {2},
 number = {2},
 month = may,
 year = {1977},
 issn = {0364-765X},
 pages = {103--107},
 numpages = {5},
 url = {http://dx.doi.org/10.1287/moor.2.2.103},
 doi = {10.1287/moor.2.2.103},
 publisher = {INFORMS}
}
@article{Minty,
 author = {V. Klee and G.J. Minty.},
 title = { How Good is the Simplex Algorithm?},
 journal = {Inequalities},
 issue_date = {May 1977},
 volume = {III},
 pages = {159-175},
 numpages = {27},
 publisher = {Academic Press}
}
@article{Gubin,
title = "The method of projections for finding the common point of convex sets",
journal = "USSR Computational Mathematics and Mathematical Physics",
volume = "7",
number = "6",
pages = "1 - 24",
year = "1967",
issn = "0041-5553",
doi = "https://doi.org/10.1016/0041-5553(67)90113-9",
url = "http://www.sciencedirect.com/science/article/pii/0041555367901139",
author = "L.G. Gubin and B.T. Polyak and E.V. Raik"
}
